<record xmlns="http://www.loc.gov/MARC21/slim" xmlns:xsi="http://www.w3.org/2001/XMLSchema-instance" xsi:schemaLocation="http://www.loc.gov/MARC21/slim http://www.loc.gov/standards/marcxml/schema/MARC21slim.xsd"><leader>01657nam a2200349   4500</leader><controlfield tag="001">001697002</controlfield><controlfield tag="003">NNU</controlfield><controlfield tag="006">m        d        </controlfield><controlfield tag="007">cr cn |||m|||a</controlfield><controlfield tag="008">150222s1968    iq      ob    000 0 ara d</controlfield><datafield ind1=" " ind2=" " tag="040"><subfield code="a">NNU</subfield><subfield code="b">eng</subfield><subfield code="c">NNU</subfield></datafield><datafield ind1=" " ind2=" " tag="066"><subfield code="c">(3</subfield></datafield><datafield ind1=" " ind2=" " tag="090"><subfield code="a">PJ6075</subfield><subfield code="b">.T3</subfield></datafield><datafield ind1="1" ind2=" " tag="100"><subfield code="6">880-01</subfield><subfield code="a">&#7788;a&#699;&#699;&#257;n, H&#257;shim</subfield></datafield><datafield ind1="1" ind2="0" tag="245"><subfield code="6">880-02</subfield><subfield code="a">Ta&#700;aththur al-&#699;Arab&#299;yah bi-al-lugh&#257;t al-Yaman&#299;yah al-qad&#299;mah</subfield><subfield code="h">[electronic resource] /</subfield><subfield code="c">ta&#700;l&#299;f H&#257;shim al-&#7788;a&#699;&#699;&#257;n.</subfield></datafield><datafield ind1=" " ind2=" " tag="260"><subfield code="6">880-03</subfield><subfield code="a">Baghd&#257;d :</subfield><subfield code="b">Ma&#7789;ba&#699;at al-Irsh&#257;d,</subfield><subfield code="c">1968.</subfield></datafield><datafield ind1=" " ind2=" " tag="300"><subfield code="a">online resource (80 p.)</subfield></datafield><datafield ind1=" " ind2=" " tag="500"><subfield code="a">At head of t.p.: S&#257;&#699;adat Wiz&#257;rat al-Tarbiyah &#699;al&#225; &#7789;ab&#699;ih.</subfield></datafield><datafield ind1=" " ind2=" " tag="500"><subfield code="a">Part of the Arabic Collections Online (ACO) project, contributed by New York Univeristy Libraries.</subfield></datafield><datafield ind1=" " ind2=" " tag="504"><subfield code="a">Includes bibliographical references (p. 74-80).</subfield></datafield><datafield ind1=" " ind2=" " tag="533"><subfield code="a">Electronic reproduction.</subfield><subfield code="b">New York, N.Y. :</subfield><subfield code="c">New York University,</subfield><subfield code="d">2015.</subfield><subfield code="5">NNU</subfield></datafield><datafield ind1=" " ind2="0" tag="650"><subfield code="a">Arabic language</subfield><subfield code="v">Terms and phrases.</subfield></datafield><datafield ind1=" " ind2="0" tag="650"><subfield code="a">Arabic language</subfield><subfield code="x">Dialects</subfield><subfield code="z">Yemen (Republic).</subfield></datafield><datafield ind1="2" ind2=" " tag="710"><subfield code="a">New York University.</subfield><subfield code="b">Libraries.</subfield></datafield><datafield ind1="0" ind2=" " tag="730"><subfield code="a">Arabic Collections Online.</subfield></datafield><datafield ind1="0" ind2="8" tag="776"><subfield code="i">Print version:</subfield><subfield code="a">&#7788;a&#699;&#699;&#257;n, H&#257;shim 880-01</subfield><subfield code="t">Ta&#700;aththur al-&#699;Arab&#299;yah bi-al-lugh&#257;t al-Yaman&#299;yah al-qad&#299;mah</subfield><subfield code="w">(NNU)001697002</subfield></datafield><datafield ind1="4" ind2="0" tag="856"><subfield code="u">http://hdl.handle.net/2333.1/0cfxpqkq</subfield></datafield><datafield ind1="1" ind2=" " tag="880"><subfield code="6">100-01/</subfield><subfield code="a">&#1591;&#1593;&#1575;&#1606;&#1548; &#1607;&#1575;&#1588;&#1605;.</subfield></datafield><datafield ind1="1" ind2="0" tag="880"><subfield code="6">245-02/</subfield><subfield code="a">&#1578;'&#1579;&#1585; &#1575;&#1604;&#1593;&#1585;&#1576;&#1610;&#1577; &#1576;&#1575;&#1604;&#1604;&#1594;&#1575;&#1578; &#1575;&#1604;&#1610;&#1605;&#1606;&#1610;&#1577; &#1575;&#1604;&#1602;&#1583;&#1610;&#1605;&#1577; /</subfield><subfield code="c">&#1607;&#1575;&#1588;&#1605; &#1575;&#1604;&#1591;&#1593;&#1575;&#1606;.</subfield></datafield><datafield ind1=" " ind2=" " tag="880"><subfield code="6">260-03/</subfield><subfield code="a">&#1576;&#1594;&#1583;&#1575;&#1583; :</subfield><subfield code="b">&#1605;&#1591;&#1576;&#1593;&#1577; &#1575;&#1604;&#1575;&#1585;&#1588;&#1575;&#1583;&#1548;</subfield><subfield code="c">&#1633;&#1641;&#1638;&#1640;.</subfield></datafield><datafield ind1=" " ind2=" " tag="959"><subfield code="a">NNU</subfield><subfield code="b">WEB</subfield><subfield code="c">GENI</subfield><subfield code="t">0</subfield><subfield code="m">Electronic access</subfield><subfield code="s">01</subfield></datafield><datafield ind1=" " ind2=" " tag="999"><subfield code="i">NNU_001697002</subfield><subfield code="s">nyu_aco000221</subfield></datafield></record>